<collection xmlns="http://www.loc.gov/MARC21/slim">
<record>
  <leader>00942nam0a22001931i 450 </leader>
  <controlfield tag="001">IT\ICCU\CNCE\033562</controlfield>
  <controlfield tag="005">20150608000000.0</controlfield>
  <datafield tag="012" ind1=" " ind2=" ">
    <subfield code="a">la,&amp; e.n- s.s. M.st (3) 1585 (A)</subfield>
    <subfield code="2">fei</subfield>
  </datafield>
  <datafield tag="100" ind1=" " ind2=" ">
    <subfield code="a">19971219d1585        0itac0103    ba</subfield>
  </datafield>
  <datafield tag="101" ind1=" " ind2=" ">
    <subfield code="a">ITA</subfield>
  </datafield>
  <datafield tag="102" ind1=" " ind2=" ">
    <subfield code="a">IT</subfield>
  </datafield>
  <datafield tag="200" ind1="1" ind2=" ">
    <subfield code="a">Dottrina christiana, con la dichiaratione, diuisa in tre parti in ciascuna delle quali s&apos; ̈posta la distintione delle lettioni, per ordine di numeri accomodata alle classi nouamente stampate  ̉quest&apos;effetto con le dottrine, per insegnarsi pi ̮commodamente a&apos; putti, e putte di questa citt,̉ &amp; diocese. Per ordine dell&apos;illustriss. card. di Verona</subfield>
  </datafield>
  <datafield tag="210" ind1=" " ind2=" ">
    <subfield code="a">In Verona</subfield>
    <subfield code="c">per Girolamo Discepolo</subfield>
    <subfield code="d">&amp; fratelli</subfield>
    <subfield code="d">1585</subfield>
  </datafield>
  <datafield tag="215" ind1=" " ind2=" ">
    <subfield code="a">94, \2! p.</subfield>
    <subfield code="d">12ʻ</subfield>
  </datafield>
  <datafield tag="620" ind1=" " ind2=" ">
    <subfield code="a">IT</subfield>
    <subfield code="d">Verona</subfield>
  </datafield>
  <datafield tag="710" ind1="0" ind2="2">
    <subfield code="a">Verona</subfield>
    <subfield code="c"> &lt;Diocesi&gt;</subfield>
    <subfield code="3">9499</subfield>
  </datafield>
  <datafield tag="712" ind1="0" ind2="0">
    <subfield code="a">Discepolo, Girolamo &amp; fratelli</subfield>
    <subfield code="3">IT\ICCU\CNCT\001173</subfield>
    <subfield code="4">650</subfield>
  </datafield>
  <datafield tag="801" ind1=" " ind2="3">
    <subfield code="a">IT</subfield>
    <subfield code="b">ICCU</subfield>
    <subfield code="c">20201114</subfield>
  </datafield>
  <datafield tag="899" ind1=" " ind2=" ">
    <subfield code="a">Biblioteca nazionale Braidense. Milano</subfield>
    <subfield code="1">MI0185</subfield>
    <subfield code="2">MIL NB</subfield>
  </datafield>
</record>
</collection>
